@ONLINE{datasetarticle,
    author = {Ugulino W.; Cardador D.; Vega K.; Velloso E.; Milidiu R.; Fuks H.},
    title = {Wearable Computing: Accelerometers' Data Classification of Body Postures and Movements},
    date = {2012},
    url = {http://groupware.les.inf.puc-rio.br/work.jsf?p1=10335}
}

@ONLINE{sklearn,
    title = {Scikit-learn},
    author = {Scikit-learn},
    date = {2021},
    url = {https://scikit-learn.org/stable/}
}
